@article{kojima2022large,
  title={Large Language Models are Zero-Shot Reasoners},
  author={Kojima, Takeshi and Gu, Shixiang Shane and Reid, Machel and Matsuo, Yutaka and Iwasawa, Yusuke},
  journal={Advances in Neural Information Processing Systems},
  volume={35},
  pages={22199--22213},
  year={2022}
}

@article{hendrycks2021measuring,
  title={Measuring Mathematical Problem Solving With the MATH Dataset},
  author={Hendrycks, Dan and Burns, Collin and Kadavath, Saurav and Arora, Akul and Basart, Steven and Tang, Eric and Song, Dawn and Steinhardt, Jacob},
  journal={Advances in Neural Information Processing Systems},
  volume={34},
  year={2021}
}

@inproceedings{wei2022chain,
  title={Chain-of-Thought Prompting Elicits Reasoning in Large Language Models},
  author={Wei, Jason and Wang, Xuezhi and Schuurmans, Dale and Bosma, Maarten and Ichter, Brian and Xia, Fei and Chi, Ed and Le, Quoc and Zhou, Denny},
  booktitle={Advances in Neural Information Processing Systems},
  volume={35},
  pages={9474--9488},
  year={2022}
}

@article{cobbe2021training,
  title={Training Verifiers to Solve Math Word Problems},
  author={Cobbe, Karl and Kosaraju, Vineet and Bavarian, Mohammad and Chen, Mark and Jun, Heewoo and Kaiser, Lukasz and Plappert, Matthias and Tworek, Jerry and Hilton, Jacob and Nakano, Reiichiro and Hesse, Christopher and Schulman, John},
  journal={arXiv preprint arXiv:2110.14168},
  year={2021}
}

@article{ouyang2022training,
  title={Training Language Models to Follow Instructions with Human Feedback},
  author={Ouyang, Long and Wu, Jeffrey and Jiang, Xu and Almeida, Diogo and Wainwright, Carroll and Mishkin, Pamela and Zhang, Chong and Agarwal, Sandhini and Slama, Katarina and Ray, Alex and others},
  journal={Advances in Neural Information Processing Systems},
  volume={35},
  pages={27730--27744},
  year={2022}
}

@article{bai2022constitutional,
  title={Constitutional AI: Harmlessness from AI Feedback},
  author={Bai, Yuntao and Kadavath, Saurav and Kundu, Sandipan and Askell, Amanda and Kernion, Jackson and Jones, Andy and Chen, Anna and Goldie, Anna and Mirhoseini, Azalia and McKinnon, Cameron and others},
  journal={arXiv preprint arXiv:2212.08073},
  year={2022}
}

@article{azar2023general,
  title={General Group Relative Policy Optimization},
  author={Azar, Shao and Johnson, Hao and Hu, Zihan and DeepSeekMath Team},
  journal={arXiv preprint arXiv:2312.11296},
  year={2023}
}

@article{mathvista2023,
  title={MathVista: Evaluating Mathematical Reasoning of Foundation Models in Visual Contexts},
  author={Lu, Pan and Bansal, Hritik and Xia, Tony and Chen, Jiacheng and McAuley, Julian and Zelai, Ahmed and Liang, Chunyuan and Zou, James and Wong, Eric and Steinhardt, Jacob and others},
  journal={arXiv preprint arXiv:2310.02255},
  year={2023}
}

@article{gemma3paper,
  title={Gemma 3: A Family of Open Multimodal Models with Specialized Variants},
  author={Google DeepMind},
  year={2025},
  publisher={Google}
}

@article{alayrac2022flamingo,
  title={Flamingo: a Visual Language Model for Few-Shot Learning},
  author={Alayrac, Jean-Baptiste and Donahue, Jeff and Luccioni, Pauline and Rockwell, Jordan and Adcock, Hannah and Balaji, Sai and Brocki, Łukasz and Borgeaud, Sebastian and Brabandere, Bert De and Dockhorn, Tim and others},
  journal={Advances in Neural Information Processing Systems},
  volume={35},
  pages={36476--36494},
  year={2022}
}

@article{liu2023visual,
  title={Visual Instruction Tuning},
  author={Liu, Haotian and Li, Chunyuan and Wu, Qingyang and Lee, Yong Jae},
  journal={Advances in Neural Information Processing Systems},
  volume={36},
  year={2023}
}

@article{li2023blip,
  title={BLIP-2: Bootstrapping Language-Image Pre-training with Frozen Image Encoders and Large Language Models},
  author={Li, Junnan and Li, Dongxu and Savarese, Silvio and Hoi, Steven},
  journal={arXiv preprint arXiv:2301.12597},
  year={2023}
}

@article{awadalla2023openflamingo,
  title={OpenFlamingo: An Open-Source Framework for Training Vision-Language Models with Conditional Computation},
  author={Awadalla, Anas and Mao, Irena and Karamcheti, Siddharth and Rajakumar, Tejas and Rao, Vijay and Paranjape, Ashwin and Paras, Yusuf and Tian, Runpei and Iyer, Aditya and Chen, Alex and Zheng, Jeff and Ramasamy, Dinesh and Lew, Alexander Wettig Simon and Yan, Andy and Hong, Eric and Patten, Eric and Wenzek, Guillaume and Toshniwal, Sharan and Barrault, Loïc and Gupta, Kshitij and Wang, Sean and Lin, Kevin and Chen, Nancy and Respaut, David and Kerkez, Daniel and Xu, Yizhong and Marasović, Ana and Cross, Ian and Gul, Jenia and Hu, Jennifer and Lewis, Patrick and Kiela, Douwe and Zettlemoyer, Luke and Hashimoto, Tatsunori},
  journal={arXiv preprint arXiv:2308.01390},
  year={2023}
}

@article{yue2023mammoth,
  title={MAMMOTH: Building Math Generalist Models through Hybrid Instruction Tuning},
  author={Yue, Xiang and Han, Boya and Qiu, Zirui and Li, Yaohui and Zhang, Athul Paul and Yan, Adalbert Gerald Soosai and Yang, Zhenwen and Qu, Qinglin and Li, Zhen and Zha, Hanwang and Liu, Zhengying},
  journal={arXiv preprint arXiv:2309.05653},
  year={2023}
}

@article{lu2023mathvista,
  title={MathVista: Evaluating Mathematical Reasoning of Foundation Models in Visual Contexts},
  author={Lu, Pan and Bansal, Hritik and Xia, Tony and Chen, Jiacheng and McAuley, Julian and Zhou, Yin Tat and Zelai, Ahmed and Liang, Chunyuan and Zou, James and Wong, Eric and Steinhardt, Jacob and Fried, Dan and Raghunathan, Aditi and Liang, Percy and Zhou, Tuo},
  journal={arXiv preprint arXiv:2310.02255},
  year={2023}
}

@article{christiano2017deep,
  title={Deep Reinforcement Learning from Human Preferences},
  author={Christiano, Paul F and Leike, Jan and Brown, Tom and Martic, Miljan and Legg, Shane and Amodei, Dario},
  journal={Advances in Neural Information Processing Systems},
  volume={30},
  year={2017}
}

@article{stiennon2020learning,
  title={Learning to Summarize from Human Feedback},
  author={Stiennon, Nisan and Ouyang, Long and Wu, Jeffrey and Ziegler, Daniel and Lowe, Ryan and Voss, Chelsea and Radford, Alec and Amodei, Dario and Christiano, Paul F},
  journal={Advances in Neural Information Processing Systems},
  volume={33},
  pages={3008--3021},
  year={2020}
}

@article{schulman2017proximal,
  title={Proximal Policy Optimization Algorithms},
  author={Schulman, John and Wolski, Filip and Dhariwal, Prafulla and Radford, Alec and Klimov, Oleg},
  journal={arXiv preprint arXiv:1707.06347},
  year={2017}
}

@article{touvron2023llama,
  title={LLaMA: Open and Efficient Foundation Language Models},
  author={Touvron, Hugo and Lavril, Thibaut and Izacard, Gautier and Martinet, Xavier and Lachaux, Marie-Anne and Lacroix, Timothée and Rozière, Baptiste and Goyal, Naman and Hambro, Eric and Azhar, Faisal and Rodriguez, Aurelien and Joulin, Armand and Grave, Edouard and Lample, Guillaume},
  journal={arXiv preprint arXiv:2302.13971},
  year={2023}
}